@InProceedings{conf/kdd/DingZP0H19,
  title =	"Modeling Extreme Events in Time Series Prediction",
  author =	"Daizong Ding and Mi Zhang and Xudong Pan and Min Yang
		 0002 and Xiangnan He 0001",
  bibdate =	"2020-06-15",
  bibsource =	"DBLP,
		 http://dblp.uni-trier.de/https://doi.org/10.1145/3292500.3330896;
		 DBLP,
		 http://dblp.uni-trier.de/db/conf/kdd/kdd2019.html#DingZP0H19",
  publisher =	"ACM",
  year = 	"2019",
  booktitle =	"KDD",
  editor =	"Ankur Teredesai and Vipin Kumar and Ying Li and
		 R{\'o}mer Rosales and Evimaria Terzi and George
		 Karypis",
  ISBN = 	"978-1-4503-6201-6",
  pages =	"1114--1122",
}

@Article{journals/corr/abs-2004-09140,
  title =	"Recurrent Convolutional Neural Networks help to
		 predict location of Earthquakes",
  author =	"Roman Kail and Alexey Zaytsev 0002 and Evgeny
		 Burnaev",
  journal =	"CoRR",
  year = 	"2020",
  volume =	"abs/2004.09140",
  bibdate =	"2020-04-22",
  bibsource =	"DBLP,
		 http://dblp.uni-trier.de/https://arxiv.org/abs/2004.09140;
		 DBLP,
		 http://dblp.uni-trier.de/db/journals/corr/corr2004.html#abs-2004-09140",
}

